@book{Bellis2009,
address = {Lanham, Maryland 20706},
author = {Bellis, Nicola De},
file = {:home/sars/.local/share/data/Mendeley Ltd./Mendeley Desktop/Downloaded/Bellis - 2009 - Bibliometrics and.pdf:pdf},
isbn = {9780810867130},
keywords = {ISBN-13:    9780810867130},
pages = {451},
publisher = {The Scarecrow Press, Inc.},
title = {{Bibliometrics and citation analysis : from the Science citation index to cybermetrics}},
year = {2009},
}

@book{Ondrisova2011,
address = {Bratislava, Slovakia},
author = {Ondri{\v{s}}ov{\'{a}}, Miriam},
editor = {Makulov{\'{a}}, So≈àa and {\v{S}}u{\v{s}}ol, Jaroslav},
file = {:home/sars/.local/share/data/Mendeley Ltd./Mendeley Desktop/Downloaded/Ondri{\v{s}}ov{\'{a}} - Unknown - Bibliometria.pdf:pdf},
isbn = {9788081270352},
pages = {134},
publisher = {STIMUL},
title = {{Bibliometria}},
year = {2011},
}

@article{Pritchard1969,
author = {Pritchard, Alan},
pages = {348-349},
title = {Statistical bibliography or bibliometrics?},
year = {1969},
journal = {Journal of Documentation},
volume = {25},
issue = {4},
issn = {0022-0418},
}
